3242 5192
806 339 845 406 14
907 397 920 438 ἡ,

195 518 295 594 gere‘
319 528 394 576 curn
418 507 547 576 dativo:
593 510 674 577 Med.
699 517 758 574 946
783 515 882 589 ,artus
915 511 1013 576 mihi‘.
1041 549 1072 557 -
1100 505 1276 594 Participia
1297 505 1448 591 ,iunctua

196 623 391 687 coniunctus
429 641 528 704 saepe
559 641 633 686 curn
666 621 778 686 dativo
813 627 1047 685 construuntur
1082 621 1134 704 (ci.
1166 621 1261 684 Herc.
1294 621 1353 685 tur.
1377 627 1448 698 489,

195 734 258 813 Ag.
282 737 341 806 273
366 732 440 814 etc.)
464 749 633 811 nunquam
657 733 766 794 autern
791 749 865 794 cum
892 731 1143 813 praepositione,
1167 749 1241 793 cum
1264 729 1343 812 (Ov.
1379 749 1448 794 no-·

197 839 289 922 vies)
316 877 351 888 -
377 840 533 915 ,lateret
565 837 657 919 Verg.
694 839 754 902 Ov.
786 837 932 902 Valerius
966 838 1102 903 Flaccus
1138 858 1213 902 cum
1248 838 1447 916 accusativo,

195 950 271 1012 Luc.
294 968 369 1012 curn
405 947 517 1012 dativo
550 945 763 1028 coniungunt,
799 947 874 1010 Sen.
914 947 1014 1010 semel
1050 966 1123 1010 curn
1163 946 1274 1010 dativo
1297 945 1446 1010 exhibet:

195 1057 275 1121 Oed.
299 1062 359 1120 395
383 1056 464 1134 ‚uisu
494 1054 616 1120 carenti
639 1075 760 1136 magna
783 1073 861 1136 pars
875 1055 940 1120 veri
970 1055 1066 1120 iatet.‘
1091 1093 1127 1101 -
1151 1055 1334 1133 ‚miscere‘
1358 1055 1447 1137 apud

194 1162 269 1231 Seu.
294 1165 424 1230 easdem
449 1163 708 1228 constructiones
741 1163 851 1241 habet,
891 1183 974 1245 quas
1007 1164 1096 1246 apud
1118 1163 1210 1242 Verg.
1250 1167 1283 1226 et
1305 1162 1365 1226 Ov.
1393 1163 1446 1225 In-

194 1276 322 1338 venitur
344 1295 418 1341 curn
442 1273 574 1339 dativo:
619 1273 743 1336 Phoen.
766 1279 826 1335 545
850 1272 990 1354 ,captivo
1013 1273 1126 1354 gregi,
1150 1269 1293 1352 Ag.‘35;
1316 1272 1358 1335 ib.
1376 1277 1444 1348 1333

195 1384 274 1448 Cum
312 1382 556 1466 praepositione
593 1382 647 1460 ,in‘
679 1401 751 1445 cum
798 1380 1001 1446 accusativo:
1047 1381 1129 1463 Thy.
1167 1387 1205 1443 65
1247 1381 1378 1458 ,mixtus
1412 1380 1444 1469 in

193 1491 360 1556 Bacchum
383 1499 499 1556 cruor‘.
545 1490 625 1554 Cum
650 1490 895 1571 praepositione
918 1495 1031 1568 ‚cum‘z
1076 1491 1157 1554 Oed.
1179 1496 1259 1564 496;
1283 1489 1353 1553 Oct.
1374 1495 1444 1565 321,

194 1609 264 1666 374.
289 1639 328 1648 -—
353 1601 490 1681 Saepius
526 1599 611 1664 duae
634 1619 684 1662 res
708 1619 792 1680 quae
818 1599 995 1663 miscentur
1025 1619 1098 1663 cunr
1132 1599 1360 1663 coniunctione
1384 1602 1445 1676 ,et‘,

194 1731 259 1774 non
285 1729 357 1772 curn
398 1695 641 1790 praepositione
677 1709 929 1791 coniunguntur,
968 1714 1001 1771 ut
1038 1709 1137 1772 Phdr.
1162 1715 1237 1770 171:
1280 1707 1443 1772 thalamos

194 1819 296 1901 patris
319 1824 347 1882 et
372 1818 486 1881 matris
509 1817 663 1893 miscere;
687 1819 746 1899 Ag.
762 1824 822 1880 443
844 1819 971 1894 ,fretum
996 1817 1187 1899 caelumque
1211 1817 1343 1880 miscet‘.

296 1929 374 1992 Item
400 1927 492 2007 Verg.
514 1926 553 1990 A.
576 1926 605 1988 X
628 1931 689 1988 398
712 1926 842 2003 ‚mixtus
865 1925 959 1989 dolor
982 1930 1013 1989 et
1035 1926 1161 2006 pudor}
1184 1926 1238 2009 (ci.
1261 1926 1356 1989 etiam
1381 1925 1442 2004 Ag.

193 2043 255 2102 490
278 2036 460 2117 ,undasque
497 2035 633 2099 miscent
671 2036 775 2098 imber
797 2040 829 2098 et
860 2035 978 2098 fluctus
1002 2039 1111 2118 suas‘)
1158 2038 1333 2112 ,certare‘
1366 2053 1440 2096 cunr
1537 2045 1540 2053 ’

193 2146 324 2215 dativo:
360 2145 451 2224 (item
475 2144 568 2225 Verg.
592 2144 664 2226 Ov.)
708 2144 804 2206 Herc.
838 2143 908 2208 Oet.
934 2148 1163 2222 lamnarum
1195 2143 1292 2208 laude
1314 2146 1441 2206 certan-

193 2261 261 2320 tem
283 2254 364 2320 Jovi‘
386 2293 429 2304 -
453 2253 623 2331 ,sociare‘
647 2258 684 2315 ut
706 2253 807 2333 Verp,
831 2253 909 2330 Liv,
933 2252 992 2316 Or.
1016 2273 1090 2316 cunr
1114 2253 1242 2317 dativo:
1275 2251 1355 2316 Oed.
1370 2256 1440 2314 662.

193 2403 232 2410 -
251 2364 323 2430 Hoc
346 2363 418 2427 loco
442 2361 605 2443 adiungo:
629 2381 700 2444 ,pro
723 2379 757 2424 se
779 2365 933 2424 metuere‘
954 2389 984 2416 .-
1006 2361 1067 2424 sibi
1092 2365 1246 2439 metuere,
1269 2360 1352 2442 Thy.
1371 2364 1440 2423 485.

193 2473 283 2556 quod
318 2471 405 2536 idern
445 2470 533 2554 apud
569 2471 737 2544 Manilium
770 2471 797 2533 V
837 2476 896 2534 606
934 2476 965 2535 et
995 2472 1163 2534 Lucanum
1197 2471 1252 2534 Vll
1284 2475 1343 2532 138
1374 2488 1440 2532 non

193 2584 281 2665 apud
309 2583 391 2646 alios
413 2581 587 2662 scriptores
609 2579 726 2661 legitur
749 2580 802 2663 (cs.
816 2585 926 2643 autem
942 2579 996 2645 Tr.
1012 2585 1071 2642 593
1106 2581 1132 2642 si
1157 2579 1235 2643 mihi
1256 2579 1439 2660 timerern‘).

292 2691 339 2754 De
362 2690 468 2778 veritis
498 2689 720 2767 intransitivis‚
755 2709 840 2769 qnae
862 2690 1094 2753 Romaninon
1126 2692 1343 2768 congruentes
1365 2706 1438 2750 cum

192 2800 303 2882 lingua
324 2799 512 2881 germanica
542 2818 622 2887 cum
640 2797 750 2861 dativo
774 2797 986 2877 coniungunt,
1026 2818 1092 2861 non
1116 2798 1254 2861 muitum
1278 2800 1440 2862 annotan-

192 2884 271 2977 dum
294 2914 353 2996 est.
382 2909 504 2972 Seneca
527 2907 782 2988 nondiscrepat
805 2929 825 2970 a
848 2907 961 2971 ceteris
985 2908 1210 2991 scriptoribus,
1236 2905 1397 2988 imprimis
1420 2926 1440 2969 a

191 3019 306 3100 poetis.
350 3016 524 3098 ,Gratari‘
560 3016 649 3099 apud
687 3019 802 3098 poetas
838 3021 870 3080 et
905 3017 1093 3098 posterioris
1129 3016 1244 3081 aetatis
1266 3017 1439 3097 scriptores

188 3129 306 3208 iegitur
329 3132 360 3191 et
382 3146 510 3208 semper
533 3145 607 3189 cum
630 3125 741 3190 dativo
765 3126 981 3190 construitur:
1026 3126 1105 3191 Oed.
1128 3132 1207 3201 881,
1231 3128 1292 3206 Ag.
1316 3130 1386 3190 920.
1400 3163 1436 3172 —

192 3241 430 3318 ,temperare‘
463 3235 566 3299 semei·
598 3255 671 3298 curn
708 3234 819 3300 dativo
843 3236 975 3313 ,animo‘
1008 3236 1227 3300 construitur:
1272 3235 1355 3317 Thy.
1378 3241 1438 3297 496

192 3347 263 3410 aliis
287 3346 367 3410 locis
390 3364 519 3427 semper
544 3364 618 3408 rum
642 3344 841 3423 accusativo,
873 3345 971 3407 etiarn
995 3364 1070 3408 curn
1106 3345 1267 3425 significat
1289 3344 1439 3424 ,ziigeln‘‚

108 3476 110 3485 ‘
192 3454 263 3538 (Cic
285 3454 347 3517 hac
372 3453 505 3518 notione
527 3453 625 3516 semei
654 3473 721 3517 acc.
744 3453 878 3516 adhibet
900 3473 931 3534 p.
954 3453 1052 3517 Marc.
1077 3453 1095 3535 ἓ
1118 3459 1136 3515 8
1159 3452 1338 3530 victoriam,
1367 3471 1439 3516 sae·

191 3563 265 3644 p‘ius
287 3563 354 3626 Liv.
378 3567 410 3626 et
432 3561 502 3639 Ov„
538 3580 577 3624 ex
598 3562 675 3624 Luc.
698 3561 887 3624 Obermeier
917 3581 969 3643 pg.
994 3567 1032 3623 29
1060 3581 1162 3624 unum
1186 3561 1307 3642 profert
1329 3574 1439 3624 exem-

192 3672 294 3753 plum)
319 3672 356 3734 ci'.
380 3669 478 3733 Phdr.
503 3675 580 3746 9703
612 3669 683 3733 Oct.
706 3674 775 3732 858.
801 3710 842 3718 —
866 3669 1002 3747 ,lenken,
1040 3670 1175 3734 ordnen‘
1199 3671 1238 3733 ct.
1262 3669 1356 3733 Herc.
1379 3669 1438 3732 fur.

193 3785 269 3857 7083
297 3778 377 3843 Oed.
400 3784 469 3844 884.

288 3889 394 3952 Verba
416 3908 491 3951 cum
511 3887 810 3970 praepositionibus
834 3887 897 3966 ,ad,
925 3908 997 3965 con,
1021 3887 1063 3951 in‘
1088 3887 1272 3970 composita
1293 3887 1438 3969 plerum-

191 4018 254 4082 que
277 4017 351 4062 cum
375 3997 485 4061 dativo
509 3997 635 4060 Seneca
658 3997 836 4078 coniungit,
867 4017 941 4061 raro
964 3998 1240 4079 praepositionem
1264 3997 1364 4073 addit,
1388 4001 1438 4060 at·

191 4127 254 4188 que
276 4125 415 4188 magnus
439 4108 488 4168 est
511 4124 666 4168 numerus
691 4105 818 4168 illorum
833 4106 1018 4184 verborum,
1042 4126 1127 4190 quae
1149 4126 1318 4188 nunquam
1343 4124 1438 4188 prae·

190 4215 385 4298 positionem
431 4214 627 4278 adsciscunt.
672 4213 889 4290 ‚Accedere‘
922 4215 940 4278 i.
965 4234 991 4278 e.
1015 4215 1289 4293 ,hinzukommen‘
1312 4214 1437 4279 Phoen.

190 4331 229 4388 63
253 4324 305 4402 ‚ad
328 4323 495 4388 miserias‘.
521 4360 556 4370 -
583 4342 657 4386 cum
694 4322 821 4386 dativo:
866 4323 1159 4387 Herc.Oet.1615
1191 4323 1282 4402 ,haec
1306 4342 1438 4406 quoque

174 4432 328 4509 ,accessit
358 4431 454 4496 ieris.⁸
500 4432 592 4512 Verg.
622 4431 685 4495 hoc
708 4431 844 4494 verbum
880 4451 955 4494 curn
987 4431 1107 4510 dativo,
1140 4433 1198 4497 Ov.
1234 4452 1308 4496 raro
1339 4432 1435 4496 etiam

190 4561 265 4604 cunr
288 4540 540 4622 praepositione,
568 4540 643 4604 Luc.
668 4558 798 4622 semper
820 4559 894 4603 cum
918 4540 1026 4604 dativo
1050 4541 1218 4606 construit.

291 4649 504 4730 ,Accidere‘
537 4648 625 4730 apud
664 4648 840 4729 scriptores
885 4647 1003 4714 auieae
1046 4651 1163 4713 aetatis
1200 4669 1328 4732 semper
1362 4669 1436 4714 cunr
