3242 5192
202 563 205 574 ·
258 529 438 610 ,trepidare‘
461 527 630 592 transitive
651 531 843 610 usurpatum
869 532 931 591 est:
964 525 1059 591 Herc.
1081 526 1153 590 Oct.
1178 530 1258 589 1058
1289 525 1409 608 (sapis-

158 636 240 702 sime
265 637 415 720 intrans)

258 747 409 826 ,ingemo‘
433 765 508 809 cunr
531 741 732 810 accusativo:
757 746 849 809 Herc.
875 745 945 808 Oet.
971 750 1060 809 1785.

258 855 414 936 ,quiseere
438 873 512 918 cum
537 855 723 918 accusativo
746 855 840 919 Herc.
856 853 927 916 Oet.
945 855 1035 916 l586.
1056 891 1093 899 -
1110 857 1190 934 ‚pro‘
1214 871 1289 915 cunr
1312 871 1409 915 accu-

156 963 277 1027 sativo:
312 963 405 1027 Herc.
429 963 500 1026 Oct.
525 969 594 1042 770,
626 949 724 1044 saepe
746 982 822 1025 cum
844 962 1005 1040 vocativo,
1037 961 1092 1042 qui
1116 981 1212 1026 casus
1236 960 1351 1026 ceteris
1374 961 1408 1022 in

156 1072 274 1136 fabulis
297 1093 364 1136 non
387 1076 519 1155 apertus
548 1076 603 1136 est.
647 1072 683 1134 ln
706 1071 930 1137 enuntiatione
954 1091 973 1134 a
995 1072 1105 1146 verbo,
1128 1073 1217 1152 quod
1241 1075 1289 1136 est
1313 1070 1408 1149 ,licet‘

157 1181 321 1262 pendente
345 1181 418 1245 Son.
442 1181 589 1246 dativum
608 1182 718 1262 ponit:
743 1181 836 1246 Herc.
860 1181 930 1244 Oet.
954 1186 992 1242 29
1016 1187 1097 1256 (non
1120 1180 1153 1243 in
1177 1181 1292 1245 ceteris
1314 1181 1409 1244 fabu-

157 1289 218 1369 lis.)
254 1290 422 1369 ‚damnare
444 1295 578 1355 morte‘:
610 1291 706 1354 Herc.
740 1290 810 1353 Oet.
834 1295 903 1353 888.
957 1289 1146 1352 ablativum
1169 1289 1317 1366 ‚tramite‘
1343 1309 1409 1354 non

157 1399 230 1478 legi,
258 1399 334 1464 nisi:
365 1401 457 1463 Herc.
487 1400 556 1465 Oet.
585 1405 653 1464 676.
668 1437 703 1444 -
735 1398 865 1477 ‚scelere
887 1403 1048 1478 arguere‘:
1071 1399 1167 1463 Herc.
1191 1398 1261 1461 Oet.
1286 1403 1346 1461 878
1371 1437 1407 1444 -

158 1508 259 1585 ,satis‘
289 1508 478 1590 praesidia‘:
523 1509 616 1573 Herc.
650 1509 719 1574 Oet.
754 1513 842 1574 1830.
867 1547 903 1554 -
942 1507 974 1570 Si
1013 1507 1215 1588 significatur
1246 1509 1409 1572 actionem

157 1617 244 1680 intra
266 1617 395 1696 longius
426 1617 568 1697 spatium
592 1620 700 1680 actam
732 1637 804 1680 esse
826 1617 900 1681 Sen.
938 1636 1036 1698 saepe
1072 1617 1159 1680 solo·
1178 1617 1322 1680 ablativo
1345 1616 1409 1678 uti-

157 1730 219 1803 tur,
244 1727 302 1790 sed
324 1727 419 1790 Herc.
444 1726 515 1791 Oet.
541 1732 620 1788 1423
645 1726 726 1805 legi:
772 1730 852 1804 ‚toto
875 1726 908 1788 iu
931 1709 1031 1790 aevo‘.
1077 1725 1130 1806 (cf.
1155 1725 1226 1789 Oct.
1249 1727 1313 1808 97.)
1357 1725 1409 1788 Ad

157 1853 290 1898 causam
315 1835 560 1916 exprimendam
584 1855 752 1915 nunquam
786 1834 1062 1916 praepositionem
1085 1839 1239 1916 ,propter‘
1263 1835 1324 1916 legi
1347 1834 1407 1896 nisi

158 1943 256 2023 Herc..
273 1944 343 2011 Oet.
367 1949 437 2021 299,
465 1944 567 2025 1298).

259 2054 368 2117 Affero
391 2054 499 2128 etiam,
532 2053 620 2134 quod
645 2055 710 2116 Leo
746 2072 797 2134 pg.
822 2059 861 2113 64
893 2072 985 2133 sequ.
1007 2052 1105 2139 vidit:
1151 2051 1194 2131 ‚in
1219 2053 1312 2116 Herc.
1337 2053 1407 2116 Oet.

157 2161 317 2225 interdum
342 2162 548 2243 pronominis
578 2162 759 2244 personalis
787 2181 883 2224 casus
906 2161 1075 2240 genetivus
1098 2162 1141 2225 ad
1164 2161 1407 2224 substantivum

158 2269 203 2334 ita
226 2270 362 2348 accedi-t,
402 2275 439 2333 ut
469 2271 552 2334 ultro
589 2291 665 2334 cum·
697 2270 891 2352 pronomine
926 2273 1096 2351 possesivo
1132 2271 1250 2334 mutari
1281 2270 1407 2353 possit}

156 2384 227 2456 557,
252 2385 321 2456 954,
347 2385 437 2458 1217,
466 2385 555 2443 1502.

258 2489 348 2551 Haec
372 2467 604 2552 commentatio
628 2489 693 2551 iam
716 2489 801 2569 typis
824 2487 1045 2552 mandabatur
1075 2509 1149 2551 cum
1172 2488 1237 2550 vidi
1261 2489 1303 2550 de
1325 2488 1406 2550 Her-

158 2596 229 2660 cule
252 2596 376 2659 Oetaeo
399 2615 519 2660 novam
546 2596 719 2676 protulisse
749 2596 942 2659 sententiam
980 2598 1015 2659 Ρ.
1040 2597 1156 2660 ltlelzer
1178 2596 1245 2675 (‚de
1267 2595 1408 2660 Hercule

158 2704 281 2768 Oetaeo
306 2705 809 2788 rinnaeana‘Glremnit21890).
855 2705 917 2782 Qui
942 2705 1074 2786 quidem
1097 2705 1192 2768 Herc.
1213 2704 1283 2768 Oet.
1307 2705 1407 2768 Sene-

158 2833 216 2877 cae
238 2813 486 2894 relinquendam
518 2833 591 2877 esse
622 2817 740 2892 censet,
772 2833 972 2895 quamquam
1009 2814 1133 2876 nullam
1167 2813 1313 2877 omnium
1338 2815 1407 2876 An-

158 2941 360 2986 naeanarum
390 2923 636 3002 tragoediarum
671 2943 742 2986 esse
764 2923 1033 3004 imperfectiorem
1073 2923 1233 2986 concedit.
1299 2923 1407 3004 Atque

157 3030 299 3094 maxime
321 3051 360 3093 ex
383 3034 451 3094 arte
474 3032 623 3102 scaenica
655 3032 718 3095 boc
756 3051 790 3095 se
813 3032 1037 3095 demonstrare
1068 3052 1166 3112 posse
1194 3035 1298 3112 putat.
1342 3032 1407 3096 Sed

156 3137 241 3201 hanc
262 3139 422 3201 rationem
459 3158 525 3202 non
562 3145 683 3202 certam
706 3160 778 3203 esse
800 3141 849 3203 vet
882 3161 920 3203 ex
943 3161 981 3204 ea
1006 3161 1039 3203 re
1062 3141 1279 3220 cognoscitur,
1316 3141 1405 3222 quod

156 3246 349 3309 Habrucker
378 3246 398 3310 l.
421 3266 447 3310 c.
472 3247 588 3310 eadem
611 3247 662 3310 via
702 3267 782 3310 usus
816 3249 1030 3329 posteriorem
1054 3248 1241 3329 tragoediae
1277 3253 1404 3330 partem

155 3374 222 3418 non
246 3376 266 3419 a
288 3329 413 3419 Seneca
435 3354 593 3437 scriptum
611 3375 683 3419 esse
706 3355 836 3419 invenit.
880 3356 946 3418 Cur
972 3361 1081 3419 autem
1098 3357 1179 3420 haec
1202 3356 1405 3420 Habruckeri

154 3464 318 3528 sententia
349 3464 409 3527 sibi
446 3463 616 3546 displiceat
649 3464 727 3528 nihil
759 3465 836 3528 dicit
867 3465 991 3528 Melzer.
1050 3464 1156 3528 Etiam
1189 3468 1303 3528 contra
1339 3465 1405 3528 dis-

153 3573 339 3654 crepantias
362 3573 395 3636 in
418 3592 536 3654 genere
567 3572 714 3636 discendi
752 3573 835 3636 inter
858 3573 952 3636 Herc.
978 3573 1049 3637 Oet.
1073 3577 1105 3638 et
1127 3576 1251 3636 ceteras
1274 3577 1404 3653 tragoe-

152 3680 225 3744 dias
248 3681 326 3744 nihil
351 3681 417 3744 lere
439 3681 643 3764 habetquod
666 3681 762 3747 dicat.
807 3683 951 3745 Leonem
974 3701 1053 3746 sane
1076 3686 1108 3744 et
1130 3681 1288 3764 imprimis
1303 3680 1405 3744 Rich-

154 3791 259 3852 terum
282 3788 560 3869 ininvestigandls
578 3789 818 3854 discriminibus
841 3789 971 3870 longius
994 3789 1192 3870 processisse
1215 3808 1281 3852 non
1304 3808 1404 3868 nega-

153 3897 265 3976 verim,
289 3901 436 3961 attamen
466 3897 570 3961 multa
592 3903 624 3960 et
646 3917 685 3960 ea
715 3897 908 3980 gravissima
935 3902 1069 3976 restant,
1103 3897 1222 3978 quibus
1245 3916 1320 3960 cum
1343 3915 1404 3976 ego

149 4005 308 4068 nonnulla
330 4005 423 4069 nova
440 4004 624 4084 adiecerim,
652 4005 732 4068 mihi
754 4007 954 4089 persuadere
975 4026 1043 4068 non
1074 4026 1210 4089 possum
1233 4005 1404 4088 ‚posterio-

149 4131 217 4176 rem
240 4112 338 4176 huius
362 4113 551 4194 tragoediae
572 4117 699 4195 partem
723 4115 765 4178 ab
788 4117 905 4193 eodem
928 4114 1109 4195 prolectam
1133 4134 1203 4178 esse
1226 4113 1293 4196 qu‘o
1315 4118 1403 4178 cete-

152 4239 208 4286 rae
229 4220 418 4318 tragoediae
442 4225 579 4303 e'xcepta
600 4219 738 4288 Octavia
764 4221 905 4303 scriptae
928 4222 1004 4286 sint.

618 4513 934 4539 *—
