3242 5192
272 1515 379 1622 Hanc
402 1557 713 1620 commentationem
737 1562 772 1620 ut
796 1557 982 1634 scriberem,
1006 1557 1134 1626 duabus
1154 1577 1193 1622 ex
1213 1560 1320 1623 causis
1336 1580 1425 1624 com-

172 1672 281 1731 motus
305 1687 387 1730 sum.
431 1667 480 1729 Ac
506 1667 648 1746 primum
680 1667 812 1748 quidem
837 1667 1052 1730 elocutionem
1076 1669 1110 1730 L.
1131 1669 1256 1733 Annaei
1281 1669 1426 1733 Senecae

171 1781 289 1858 poetae
312 1776 426 1855 tragici
449 1775 489 1838 ad
513 1795 650 1838 casuum
681 1795 776 1838 usum
808 1775 1022 1856 pertinentem
1051 1795 1149 1856 quam
1179 1777 1425 1842 accuratissime

170 1885 367 1966 investigare
391 1885 468 1948 mihi
492 1871 658 1948 inanimo
683 1889 767 1962 erat,
802 1889 836 1947 ut
870 1883 992 1964 aliquid
1016 1885 1195 1948 conferrem
1225 1886 1265 1950 ad
1292 1887 1422 1950 histori-

169 2015 240 2058 cam
265 1995 394 2075 linguae
418 1993 537 2057 latinae.
559 1993 807 2072 grammaticam
832 1992 1048 2057 tractandam.
1092 1993 1217 2058 Deinde
1240 1995 1364 2076 aliquid
1388 1996 1418 2058 in

170 2101 313 2168 medium
336 2122 388 2166 me
411 2102 584 2181 protulisse
607 2107 686 2182 puto
716 2101 758 2164 ad
790 2101 1015 2182 quaestionem
1051 2102 1138 2165 illam
1166 2102 1420 2181 diiudicandam‚

167 2233 245 2276 num
268 2231 382 2275 omnes
405 2209 601 2292 tragoediae,
625 2230 707 2291 quas
731 2211 792 2272 snb
820 2210 965 2272 Senecae
999 2211 1130 2273 nomine
1166 2211 1339 2289 habeatne,
1377 2213 1418 2276 ab

167 2340 233 2384 uno
258 2319 439 2400 eodemque
463 2317 620 2398 scriptore
656 2318 861 2398 conscriptae
888 2318 952 2380 sint
987 2337 1097 2381 necne.
1144 2319 1315 2383 Octaviam
1347 2321 1419 2400 qui·

167 2431 240 2492 dem
265 2428 410 2492 tabulam
446 2447 511 2490 non
550 2446 569 2488 a
600 2427 723 2490 Seneca
757 2446 829 2490 esse
858 2428 940 2489 inter
962 2447 1077 2490 omnes
1101 2432 1238 2504 constat,
1270 2433 1417 2492 attamen

167 2559 233 2602 non
266 2557 547 2619 supervacaneum
582 2556 653 2598 esse
675 2540 754 2616 puto
779 2541 953 2611 annotare,
990 2555 1075 2617 quae
1110 2537 1141 2600 in
1166 2537 1226 2600 hac
1253 2538 1419 2619 tragoedia

167 2647 208 2710 ad
232 2666 368 2710 casuum
403 2664 498 2708 usum
526 2645 721 2724 pertinentia
753 2645 871 2708 inveni.
931 2645 1139 2709 Caeterarum
1177 2647 1418 2727 tragoediarum

166 2755 307 2818 Richter.
331 2755 385 2836 qui
409 2755 440 2816 in
465 2753 692 2816 dissertatione
708 2773 769 2816 sua
792 2753 842 2830 ,de
857 2755 1000 2816 Senecae
1015 2753 1257 2834 tragoediarum
1273 2762 1416 2819 auctore‘

165 2865 273 2945 (1862)
298 2864 472 2944 praecipue
494 2865 535 2925 de
557 2863 654 2925 rebus
678 2861 882 2944 prosodiacis
906 2867 936 2924 et
961 2863 1101 2926 metricis
1129 2865 1210 2943 agit,
1240 2863 1414 2946 Oedipum,
1473 2906 1477 2918 ι

165 2977 464 3052 Agamemnonem,
500 2972 671 3035 Herculem
708 2970 866 3033 Oetaeum
891 2992 911 3035 a
933 2973 1058 3035 Seneca
1081 2971 1263 3049 abiudicat,
1302 2974 1358 3036 sed
1396 2995 1415 3036 a

164 3086 256 3162 parte
278 3081 363 3144 hanc
387 3081 582 3144 sententiam
615 3081 768 3142 refutavit
796 3079 833 3141 P.
857 3079 1048 3143 Habruclrer
1071 3081 1321 3160 (Quaestionum
1347 3084 1415 3145 An·

163 3209 321 3253 nacarum
345 3189 451 3270 capita
475 3189 512 3249 lV
538 3189 720 3268 Roginrcnti
755 3189 952 3251 Prussorum
983 3190 1074 3269 1873)
1109 3190 1163 3270 qui
1195 3194 1226 3252 et
1253 3190 1415 3272 Oedipum

162 3303 193 3360 ct
216 3300 497 3378 Agamemnonem
522 3298 679 3359 Senecam
710 3298 831 3360 habere
860 3302 1026 3360 auctorem
1056 3298 1231 3362 contendit.
1278 3299 1319 3361 At
1341 3319 1413 3362 cum
1500 3363 1501 3366 ,

162 3405 295 3469 Richter
318 3405 403 3469 hanc
427 3404 652 3487 quaestionem
689 3404 730 3466 ad
761 3406 858 3467 finem
891 3425 926 3467 se
959 3405 1137 3485 perducere
1166 3426 1264 3487 posse
1286 3413 1413 3487 putaret

161 3514 379 3596 perquirendo
404 3520 434 3577 et
458 3514 681 3595 comparando
706 3514 788 3575 inter
811 3534 846 3575 se
870 3515 1014 3592 singulas
1038 3515 1165 3578 fabulas
1188 3515 1221 3576 in
1246 3516 1335 3577 omni
1359 3536 1414 3596 ge-

162 3644 237 3687 nere
260 3624 403 3702 dicendi,
431 3624 622 3687 Halirucker
645 3629 746 3686 artem
772 3624 956 3687 scaenicam
982 3624 1140 3702 grauioris
1166 3625 1321 3688 momenti
1344 3644 1415 3688 osse

162 3733 287 3796 censuit
311 3738 341 3796 et
364 3733 426 3795 hac
450 3733 576 3795 ratione
600 3732 773 3794 Herculem
805 3731 961 3794 Oetaeum
1001 3736 1144 3794 Senecae
1173 3733 1298 3811 legibus
1322 3754 1414 3796 scae-

161 3841 240 3904 nicis
262 3861 327 3904 non
352 3841 550 3922 respondere
574 3840 707 3902 invenit.
752 3840 861 3920 Atque
885 3859 949 3901 noa
974 3843 1076 3902 lotam
1102 3840 1244 3902 fabulam
1267 3842 1412 3921 spuriam

159 3969 232 4012 esse
255 3955 345 4014 ratus
369 3951 544 4028 genuinam
570 3949 709 4011 sormam
732 3948 881 4027 detegere
904 3948 1038 4010 studuit.
1072 3948 1135 4010 Sed
1160 3969 1233 4010 mea
1253 3951 1413 4012 sententia

159 4060 276 4121 ambae
300 4059 510 4140 perquirendi
539 4059 609 4120 viae
640 4057 888 4137 coniungendae
920 4062 993 4118 sunt
1027 4061 1125 4136 atquc
1158 4062 1226 4119 arte
1263 4059 1412 4121 scaenica

159 4185 238 4228 sane
260 4187 325 4230 non
350 4168 497 4248 neglecta
520 4166 618 4229 eliam
643 4186 692 4228 res
717 4165 946 4247 prosodiacae,
979 4165 1144 4237 metricae,
1176 4165 1410 4244 grammaticae

157 4275 428 4356 pervestigandae
450 4258 535 4352 sunt,
560 4280 595 4337 ut
618 4274 680 4337 lroc
703 4274 803 4336 modo
826 4274 965 4353 perspici
989 4274 1103 4353 possit,
1128 4292 1206 4335 num
1231 4273 1280 4336 his
1304 4275 1410 4337 omni-

158 4384 219 4447 bus
243 4385 275 4446 in
298 4384 395 4446 rebus
419 4386 500 4447 tales
525 4383 761 4464 discrepantiae
794 4386 921 4444 exstent
948 4381 1031 4444 inter
1058 4381 1229 4444 Herculem
1253 4381 1409 4445 Oetaeum
1453 4449 1458 4456 .

157 4497 188 4555 et
211 4497 333 4556 ceteras
356 4493 493 4570 fabulas,
518 4497 552 4554 ut
575 4512 689 4554 omncs
714 4511 779 4554 non
804 4492 845 4552 ab
869 4510 935 4552 uno
959 4490 1141 4571 eodemque
1157 4489 1317 4570 scriptore
1332 4510 1410 4552 con-

156 4601 293 4682 scriptas
317 4622 389 4664 esse
413 4607 579 4681 appareat.
635 4601 726 4664 Hanc
760 4600 843 4662 riam
878 4599 944 4660 iam
975 4599 1140 4678 ingressus
1177 4602 1225 4660 ost
1260 4599 1324 4660 Leo
1357 4598 1411 4680 (de

1194 4715 1207 4768 1
