3242 5192
690 1426 906 1534 VITA.

212 1774 215 1784 .
273 1730 376 1794 Natus
410 1747 484 1794 sum
513 1729 710 1809 Augustus
738 1728 919 1807 Preising
954 1732 1030 1792 ante
1067 1726 1153 1790 diem
1189 1727 1218 1790 X
1248 1725 1318 1790 Kal.
1342 1724 1426 1788 NoV.

174 1839 250 1902 anni
275 1839 307 1916 h.
330 1859 355 1902 s.
375 1839 473 1902 LXVI
497 1838 530 1902 in
552 1838 633 1900 urbe
657 1857 742 1919 quae
755 1841 891 1901 vocatur
906 1837 1036 1900 Hoerde
1058 1841 1151 1918 patre
1166 1835 1295 1916 Carolo,
1320 1838 1424 1899 matre

174 1947 422 2012 Clementina
445 1967 462 2010 e
485 1952 580 2028 gente
593 1947 722 2011 Werra
745 1966 829 2029 quos
853 1946 985 2025 integris
1001 1946 1109 2008 adhuc
1124 1945 1250 2007 viribus
1270 1945 1315 2007 uti
1330 1944 1425 2007 valde

174 2055 312 2136 gaudeo.
356 2055 469 2119 Fidem
494 2057 652 2136 profiteor
679 2055 883 2120 catholicam.
939 2054 1134 2121 Litterarum
1166 2053 1334 2117 elementis
1366 2053 1426 2116 im-

176 2164 275 2227 butus
307 2184 366 2245 per
396 2169 523 2245 septem
556 2184 662 2227 anuos
696 2169 728 2226 et
754 2164 928 2226 dimidium
951 2161 1114 2247 gymnasii
1137 2162 1425 2226 Attendornierrsis
1477 2139 1483 2156 ⁸

174 2291 262 2335 eram
286 2272 475 2353 discipulus
532 2272 769 2336 Testimonium
795 2273 885 2352 quod
899 2275 1024 2356 vocant·
1042 2271 1240 2335 maturitatis
1257 2277 1426 2334 assecutus

139 2451 142 2460 .
174 2381 208 2443 iu
232 2380 413 2444 Academia
428 2381 675 2444 Mouasteriensi
697 2400 756 2462 per
778 2382 891 2445 novies
914 2400 1011 2447 senos
1028 2399 1156 2444 menses
1180 2379 1296 2443 studiis
1320 2379 1427 2461 phito-

175 2490 287 2570 logicis
311 2509 445 2572 operam
468 2490 553 2567 dedi,
577 2491 632 2553 ubi
655 2511 707 2554 me
724 2491 907 2554 docuerunt
925 2490 961 2552 V.
978 2490 1013 2552 V.
1029 2489 1065 2554 D.
1080 2489 1117 2553 D.
1134 2488 1258 2567 Storck,
1284 2490 1428 2568 Langen,

174 2598 282 2675 Stahl,
320 2599 467 2680 Spicker,
502 2599 657 2677 NiehueS,
690 2599 900 2680 Hagemann,
932 2599 1174 2677 Bartholomae,
1204 2597 1426 2676 Mitchhoefer,

173 2708 290 2785 Jostes,
322 2707 498 2786 Wuellrrer,
535 2709 669 2786 Grimm,
700 2709 859 2773 Schmidt.
913 2708 1084 2774 Seminarii
1115 2709 1195 2787 regii
1227 2707 1427 2789 philologici,

173 2817 225 2879 cui
248 2821 404 2897 praesunt
428 2817 559 2896 Langen
584 2822 616 2880 et
637 2818 730 2880 Staht
753 2836 812 2898 per
835 2817 1008 2904 quinquies
1031 2835 1128 2880 senos
1148 2837 1277 2880 menses
1301 2817 1426 2880 sodalis

173 2925 357 3014 ordinarius
375 2925 432 3002 t'ui,
455 2945 512 3006 per
534 2945 590 2988 sex
612 2946 741 2989 menses
763 2926 884 3005 senior,
908 2926 1193 2996 exercitationibus
1219 2923 1425 3007 germanicis,

171 3038 207 3096 ut
230 3033 430 3111 interessem,
454 3034 593 3114 benigne
617 3035 762 3115 permisit
784 3035 910 3099 Storck.
935 3073 972 3082 -

272 3140 433 3205 Omnibus
456 3143 515 3221 his,
540 3143 595 3224 qui
617 3163 670 3206 me
684 3143 876 3222 docuerunt,
898 3144 1058 3226 imprimis
1073 3145 1108 3206 V.
1124 3143 1160 3207 V.
1176 3145 1213 3207 D.
1230 3145 1270 3207 D.
1295 3141 1420 3220 Storck,

171 3251 316 3330 Langen,
350 3252 451 3328 Stahl,
481 3252 615 3331 Grimm,
639 3253 762 3334 optime
785 3254 825 3317 de
848 3274 900 3320 me
923 3253 1055 3332 meritis,
1091 3253 1212 3335 gratias
1235 3272 1297 3334 ago
1320 3271 1421 3334 quam

171 3377 341 3424 maximas
